<?xml version="1.0" encoding="UTF-8"?>
   <collection xmlns="http://www.loc.gov/MARC21/slim">
      <record>
         <leader>00000nz  a2200169   4500</leader>
         <controlfield tag="001">30079397</controlfield>
         <controlfield tag="003">RISM</controlfield>
         <controlfield tag="005">20160216</controlfield>
         <controlfield tag="008">160216n||az|||||||##########||||||||||||</controlfield>
         <datafield tag="040" ind1=" " ind2=" ">
            <subfield code="a">CDN-Ccmc</subfield>
         </datafield>
         <datafield tag="043" ind1=" " ind2=" ">
            <subfield code="c">CA</subfield>
         </datafield>
         <datafield tag="110" ind1="2" ind2=" ">
            <subfield code="a">Canadian Music Centre - Prairie Region</subfield>
            <subfield code="c">Calgary</subfield>
            <subfield code="g">CDN-Ccmc</subfield>
         </datafield>
         <datafield tag="410" ind1="2" ind2=" ">
            <subfield code="a">University of Calgary - Taylor Family Digital Library</subfield>
         </datafield>
         <datafield tag="622" ind1=" " ind2=" ">
            <subfield code="e">Canadian Music Centre - Prairie Region, Room 320, 3rd Floor, 2500 University Drive NW, Calgary, AB, T2N 1N4, Canada</subfield>
            <subfield code="u">http://www.musiccentre.ca/regions/prairie?field_event_region_value_many_to_one=4</subfield>
         </datafield>
      </record>