
      <record>
         <leader>00000nz  a2200169   4500</leader>
         <controlfield tag="001">30002627</controlfield>
         <controlfield tag="003">RISM</controlfield>
         <controlfield tag="005">20160216</controlfield>
         <controlfield tag="008">160216n||az|||||||##########||||||||||||</controlfield>
         <datafield tag="040" ind1=" " ind2=" ">
            <subfield code="a">CDN-Cu</subfield>
         </datafield>
         <datafield tag="043" ind1=" " ind2=" ">
            <subfield code="c">XD-CA</subfield>
         </datafield>
         <datafield tag="110" ind1="2" ind2=" ">
            <subfield code="a">University of Calgary, Library</subfield>
            <subfield code="c">Calgary</subfield>
            <subfield code="g">CDN-Cu</subfield>
         </datafield>
         <datafield tag="622" ind1=" " ind2=" ">
            <subfield code="e">University of Calgary, Library, 2920 24 Ave. NW, Calgary, AB T2N 1N4</subfield>
         </datafield>
      </record>