
      <record>
         <leader>00000nz  a2200169   4500</leader>
         <controlfield tag="001">30000464</controlfield>
         <controlfield tag="003">RISM</controlfield>
         <controlfield tag="005">20160216</controlfield>
         <controlfield tag="008">160216n||az|||||||##########||||||||||||</controlfield>
         <datafield tag="040" ind1=" " ind2=" ">
            <subfield code="a">CDN-E</subfield>
         </datafield>
         <datafield tag="043" ind1=" " ind2=" ">
            <subfield code="c">XD-CA</subfield>
         </datafield>
         <datafield tag="110" ind1="2" ind2=" ">
            <subfield code="a">University of Alberta &lt;Edmonton&gt;</subfield>
            <subfield code="c">Edmonton</subfield>
            <subfield code="g">CDN-E</subfield>
         </datafield>
         <datafield tag="410" ind1="2" ind2=" ">
            <subfield code="a">University of Alberta, Rutherford and Cameron Libraries</subfield>
         </datafield>
         <datafield tag="622" ind1=" " ind2=" ">
            <subfield code="e">University of Alberta, Music Resources Centre, Edmonton, AB, T6G 2C9</subfield>
            <subfield code="u">http://www.ualberta.ca</subfield>
         </datafield>
      </record>