
      <record>
         <leader>00000nz  a2200169   4500</leader>
         <controlfield tag="001">30000465</controlfield>
         <controlfield tag="003">RISM</controlfield>
         <controlfield tag="005">20160216</controlfield>
         <controlfield tag="008">160216n||az|||||||##########||||||||||||</controlfield>
         <datafield tag="040" ind1=" " ind2=" ">
            <subfield code="a">CDN-Fc</subfield>
         </datafield>
         <datafield tag="043" ind1=" " ind2=" ">
            <subfield code="c">XD-CA</subfield>
         </datafield>
         <datafield tag="110" ind1="2" ind2=" ">
            <subfield code="a">Christ Church Cathedral &lt;Fredericton&gt;</subfield>
            <subfield code="c">Fredericton</subfield>
            <subfield code="g">CDN-Fc</subfield>
         </datafield>
         <datafield tag="410" ind1="2" ind2=" ">
            <subfield code="a">Christ Church Cathedral, Medley Library and Choir Library</subfield>
         </datafield>
         <datafield tag="622" ind1=" " ind2=" ">
            <subfield code="e">Christ Church Cathedral, 808 Brunswick St., Fredericton, NB E3B, 1J1</subfield>
            <subfield code="u">http://www.christchurchcathedral.com</subfield>
         </datafield>
      </record>