
      <record>
         <leader>00000nz  a2200169   4500</leader>
         <controlfield tag="001">30002606</controlfield>
         <controlfield tag="003">RISM</controlfield>
         <controlfield tag="005">20160216</controlfield>
         <controlfield tag="008">160216n||az|||||||##########||||||||||||</controlfield>
         <datafield tag="040" ind1=" " ind2=" ">
            <subfield code="a">CDN-Fu</subfield>
         </datafield>
         <datafield tag="043" ind1=" " ind2=" ">
            <subfield code="c">XD-CA</subfield>
         </datafield>
         <datafield tag="110" ind1="2" ind2=" ">
            <subfield code="a">University of New Brunswick</subfield>
            <subfield code="c">Fredericton</subfield>
            <subfield code="g">CDN-Fu</subfield>
         </datafield>
         <datafield tag="410" ind1="2" ind2=" ">
            <subfield code="a">University of New Brunswick, Harriet Irving Library</subfield>
         </datafield>
         <datafield tag="622" ind1=" " ind2=" ">
            <subfield code="e">University of New Brunswick, Box 7500, Fredericton, NB E3B 5H5</subfield>
         </datafield>
      </record>