
      <record>
         <leader>00000nz  a2200169   4500</leader>
         <controlfield tag="001">30003268</controlfield>
         <controlfield tag="003">RISM</controlfield>
         <controlfield tag="005">20160216</controlfield>
         <controlfield tag="008">160216n||az|||||||##########||||||||||||</controlfield>
         <datafield tag="040" ind1=" " ind2=" ">
            <subfield code="a">CDN-HNp</subfield>
         </datafield>
         <datafield tag="043" ind1=" " ind2=" ">
            <subfield code="c">XD-CA</subfield>
         </datafield>
         <datafield tag="110" ind1="2" ind2=" ">
            <subfield code="a">Hamilton Public Library</subfield>
            <subfield code="c">Hamilton</subfield>
            <subfield code="g">CDN-HNp</subfield>
         </datafield>
         <datafield tag="622" ind1=" " ind2=" ">
            <subfield code="e">Hamilton Public Library, 55 Main St. W, Hamilton, ON L8P 1H5</subfield>
         </datafield>
      </record>