
      <record>
         <leader>00000nz  a2200169   4500</leader>
         <controlfield tag="001">30000466</controlfield>
         <controlfield tag="003">RISM</controlfield>
         <controlfield tag="005">20160216</controlfield>
         <controlfield tag="008">160216n||az|||||||##########||||||||||||</controlfield>
         <datafield tag="040" ind1=" " ind2=" ">
            <subfield code="a">CDN-HNu</subfield>
         </datafield>
         <datafield tag="043" ind1=" " ind2=" ">
            <subfield code="c">XD-CA</subfield>
         </datafield>
         <datafield tag="110" ind1="2" ind2=" ">
            <subfield code="a">McMaster University, Mills Memorial Library, Music Collection</subfield>
            <subfield code="c">Hamilton</subfield>
            <subfield code="g">CDN-HNu</subfield>
         </datafield>
         <datafield tag="622" ind1=" " ind2=" ">
            <subfield code="e">McMaster University, Mills Memorial, Library, Music Collection, 1280 Main Street West, Hamilton, ON L8S 4L6, Canada</subfield>
            <subfield code="u">http://library.mcmaster.ca/music</subfield>
         </datafield>
      </record>