
      <record>
         <leader>00000nz  a2200169   4500</leader>
         <controlfield tag="001">30061522</controlfield>
         <controlfield tag="003">RISM</controlfield>
         <controlfield tag="005">20160216</controlfield>
         <controlfield tag="008">160216n||az|||||||##########||||||||||||</controlfield>
         <datafield tag="040" ind1=" " ind2=" ">
            <subfield code="a">CDN-Hsmu</subfield>
         </datafield>
         <datafield tag="043" ind1=" " ind2=" ">
            <subfield code="c">XD-CA</subfield>
         </datafield>
         <datafield tag="110" ind1="2" ind2=" ">
            <subfield code="a">Patrick Power Library Saint Mary's University &lt;Halifax&gt;</subfield>
            <subfield code="c">Halifax</subfield>
            <subfield code="g">CDN-Hsmu</subfield>
         </datafield>
         <datafield tag="622" ind1=" " ind2=" ">
            <subfield code="e">Patrick Power Library Saint Mary's,  University &lt;Halifax&gt;, 5932 Inglis Street, Nova Scotia, Canada,  B3H 3C3</subfield>
            <subfield code="u">http://www.smu.ca</subfield>
         </datafield>
      </record>