
      <record>
         <leader>00000nz  a2200169   4500</leader>
         <controlfield tag="001">30001854</controlfield>
         <controlfield tag="003">RISM</controlfield>
         <controlfield tag="005">20160216</controlfield>
         <controlfield tag="008">160216n||az|||||||##########||||||||||||</controlfield>
         <datafield tag="040" ind1=" " ind2=" ">
            <subfield code="a">CDN-Hu</subfield>
         </datafield>
         <datafield tag="043" ind1=" " ind2=" ">
            <subfield code="c">XD-CA</subfield>
         </datafield>
         <datafield tag="110" ind1="2" ind2=" ">
            <subfield code="a">Dalhousie University, Killam Library, Music Resources Centre</subfield>
            <subfield code="c">Halifax</subfield>
            <subfield code="g">CDN-Hu</subfield>
         </datafield>
         <datafield tag="622" ind1=" " ind2=" ">
            <subfield code="e">Dalhousie University, Killam Library,, Music Resources Centre, Halifax NS B3H 4H8</subfield>
         </datafield>
      </record>