
      <record>
         <leader>00000nz  a2200169   4500</leader>
         <controlfield tag="001">30000467</controlfield>
         <controlfield tag="003">RISM</controlfield>
         <controlfield tag="005">20160216</controlfield>
         <controlfield tag="008">160216n||az|||||||##########||||||||||||</controlfield>
         <datafield tag="040" ind1=" " ind2=" ">
            <subfield code="a">CDN-Ku</subfield>
         </datafield>
         <datafield tag="043" ind1=" " ind2=" ">
            <subfield code="c">XD-CA</subfield>
         </datafield>
         <datafield tag="110" ind1="2" ind2=" ">
            <subfield code="a">Queens University, Douglas Library &lt;Kingston, Ontario&gt;</subfield>
            <subfield code="c">Kingston, Ontario</subfield>
            <subfield code="g">CDN-Ku</subfield>
         </datafield>
         <datafield tag="410" ind1="2" ind2=" ">
            <subfield code="a">Queens University</subfield>
         </datafield>
         <datafield tag="622" ind1=" " ind2=" ">
            <subfield code="e">Queens University, Douglas Library, Kingston, ON K7L 5C4</subfield>
            <subfield code="u">http://library.queensu.ca</subfield>
         </datafield>
      </record>