
      <record>
         <leader>00000nz  a2200169   4500</leader>
         <controlfield tag="001">30003599</controlfield>
         <controlfield tag="003">RISM</controlfield>
         <controlfield tag="005">20160216</controlfield>
         <controlfield tag="008">160216n||az|||||||##########||||||||||||</controlfield>
         <datafield tag="040" ind1=" " ind2=" ">
            <subfield code="a">CDN-LEbu</subfield>
         </datafield>
         <datafield tag="043" ind1=" " ind2=" ">
            <subfield code="c">XD-CA</subfield>
         </datafield>
         <datafield tag="110" ind1="2" ind2=" ">
            <subfield code="a">Bishop's University, John Bassett Memorial Library</subfield>
            <subfield code="c">Lennoxville</subfield>
            <subfield code="g">CDN-LEbu</subfield>
         </datafield>
         <datafield tag="622" ind1=" " ind2=" ">
            <subfield code="e">Bishop's University, John Bassett, Memorial Library, Lennoxville, PQ J1M 1Z7</subfield>
         </datafield>
      </record>