
      <record>
         <leader>00000nz  a2200169   4500</leader>
         <controlfield tag="001">30003601</controlfield>
         <controlfield tag="003">RISM</controlfield>
         <controlfield tag="005">20160216</controlfield>
         <controlfield tag="008">160216n||az|||||||##########||||||||||||</controlfield>
         <datafield tag="040" ind1=" " ind2=" ">
            <subfield code="a">CDN-Lmclean</subfield>
         </datafield>
         <datafield tag="043" ind1=" " ind2=" ">
            <subfield code="c">XD-CA</subfield>
         </datafield>
         <datafield tag="110" ind1="2" ind2=" ">
            <subfield code="a">Hugh McLean, private collection</subfield>
            <subfield code="c">London, Ontario</subfield>
            <subfield code="g">CDN-Lmclean</subfield>
         </datafield>
         <datafield tag="622" ind1=" " ind2=" ">
            <subfield code="e">Hugh McLean, private collection, 1020 Maitland St., London, ON N5Y 2X9</subfield>
         </datafield>
      </record>