
      <record>
         <leader>00000nz  a2200169   4500</leader>
         <controlfield tag="001">30003600</controlfield>
         <controlfield tag="003">RISM</controlfield>
         <controlfield tag="005">20160216</controlfield>
         <controlfield tag="008">160216n||az|||||||##########||||||||||||</controlfield>
         <datafield tag="040" ind1=" " ind2=" ">
            <subfield code="a">CDN-Lp</subfield>
         </datafield>
         <datafield tag="043" ind1=" " ind2=" ">
            <subfield code="c">XD-CA</subfield>
         </datafield>
         <datafield tag="110" ind1="2" ind2=" ">
            <subfield code="a">London Public Libraries and Museums</subfield>
            <subfield code="c">London, Ontario</subfield>
            <subfield code="g">CDN-Lp</subfield>
         </datafield>
         <datafield tag="622" ind1=" " ind2=" ">
            <subfield code="e">London Public Libraries and Museums, 305 Queens Ave., London, ON N6B 3L7</subfield>
         </datafield>
      </record>