
      <record>
         <leader>00000nz  a2200169   4500</leader>
         <controlfield tag="001">30000468</controlfield>
         <controlfield tag="003">RISM</controlfield>
         <controlfield tag="005">20160216</controlfield>
         <controlfield tag="008">160216n||az|||||||##########||||||||||||</controlfield>
         <datafield tag="040" ind1=" " ind2=" ">
            <subfield code="a">CDN-Lu</subfield>
         </datafield>
         <datafield tag="043" ind1=" " ind2=" ">
            <subfield code="c">XD-CA</subfield>
         </datafield>
         <datafield tag="110" ind1="2" ind2=" ">
            <subfield code="a">Western University Canada, Music Library</subfield>
            <subfield code="c">London, Ontario</subfield>
            <subfield code="g">CDN-Lu</subfield>
         </datafield>
         <datafield tag="410" ind1="2" ind2=" ">
            <subfield code="a">University of Western Ontario Library System, Music Library</subfield>
         </datafield>
         <datafield tag="410" ind1="2" ind2=" ">
            <subfield code="a">Lawson Memorial Library</subfield>
         </datafield>
         <datafield tag="622" ind1=" " ind2=" ">
            <subfield code="e">Western University Canada, Music Library, Talbot College, Rm. 234, 1151 Richmond Street, London, ON N6A 3K7, Canada</subfield>
            <subfield code="u">http://www.lib.uwo.ca/music/index.html</subfield>
         </datafield>
      </record>