
      <record>
         <leader>00000nz  a2200169   4500</leader>
         <controlfield tag="001">30000469</controlfield>
         <controlfield tag="003">RISM</controlfield>
         <controlfield tag="005">20160216</controlfield>
         <controlfield tag="008">160216n||az|||||||##########||||||||||||</controlfield>
         <datafield tag="040" ind1=" " ind2=" ">
            <subfield code="a">CDN-Mc</subfield>
         </datafield>
         <datafield tag="043" ind1=" " ind2=" ">
            <subfield code="c">XD-CA</subfield>
         </datafield>
         <datafield tag="110" ind1="2" ind2=" ">
            <subfield code="a">Conservatoire de Musique et d'Art Dramatique</subfield>
            <subfield code="c">Montréal</subfield>
            <subfield code="g">CDN-Mc</subfield>
         </datafield>
         <datafield tag="410" ind1="2" ind2=" ">
            <subfield code="a">Conservatoire</subfield>
         </datafield>
         <datafield tag="410" ind1="2" ind2=" ">
            <subfield code="a">Conservatoire de Musique de Montréal, Centre de Documentation</subfield>
         </datafield>
         <datafield tag="622" ind1=" " ind2=" ">
            <subfield code="e">Conservatoire de Musique et d'Art, Dramatique, 100, rue Notre-Dame est, Montréal, PQ, H2Y 1C1</subfield>
         </datafield>
      </record>