
      <record>
         <leader>00000nz  a2200169   4500</leader>
         <controlfield tag="001">30003603</controlfield>
         <controlfield tag="003">RISM</controlfield>
         <controlfield tag="005">20160216</controlfield>
         <controlfield tag="008">160216n||az|||||||##########||||||||||||</controlfield>
         <datafield tag="040" ind1=" " ind2=" ">
            <subfield code="a">CDN-Mcm</subfield>
         </datafield>
         <datafield tag="043" ind1=" " ind2=" ">
            <subfield code="c">XD-CA</subfield>
         </datafield>
         <datafield tag="110" ind1="2" ind2=" ">
            <subfield code="a">Centre de musique canadienne au Québec</subfield>
            <subfield code="c">Montréal</subfield>
            <subfield code="g">CDN-Mcm</subfield>
         </datafield>
         <datafield tag="622" ind1=" " ind2=" ">
            <subfield code="e">Centre de musique canadienne au Québec, 1085, Côte du Beaver Hall, suite 200, Montréal, Québec, H2Z 1S5, Canada</subfield>
            <subfield code="u">http://www.centremusique.ca/fr/regionsfr/quebec?field_event_region_value_many_to_one=5</subfield>
         </datafield>
      </record>