
      <record>
         <leader>00000nz  a2200169   4500</leader>
         <controlfield tag="001">30000470</controlfield>
         <controlfield tag="003">RISM</controlfield>
         <controlfield tag="005">20160216</controlfield>
         <controlfield tag="008">160216n||az|||||||##########||||||||||||</controlfield>
         <datafield tag="040" ind1=" " ind2=" ">
            <subfield code="a">CDN-Mfisher</subfield>
         </datafield>
         <datafield tag="043" ind1=" " ind2=" ">
            <subfield code="c">XD-CA</subfield>
         </datafield>
         <datafield tag="110" ind1="2" ind2=" ">
            <subfield code="a">Sidney T. Fisher, private collection</subfield>
            <subfield code="c">Montréal</subfield>
            <subfield code="g">CDN-Mfisher</subfield>
         </datafield>
         <datafield tag="580" ind1=" " ind2=" ">
            <subfield code="x">CDN-Tu</subfield>
            <subfield code="0">30000488</subfield>
         </datafield>
      </record>