
      <record>
         <leader>00000nz  a2200169   4500</leader>
         <controlfield tag="001">30003604</controlfield>
         <controlfield tag="003">RISM</controlfield>
         <controlfield tag="005">20160216</controlfield>
         <controlfield tag="008">160216n||az|||||||##########||||||||||||</controlfield>
         <datafield tag="040" ind1=" " ind2=" ">
            <subfield code="a">CDN-Mh</subfield>
         </datafield>
         <datafield tag="043" ind1=" " ind2=" ">
            <subfield code="c">XD-CA</subfield>
         </datafield>
         <datafield tag="110" ind1="2" ind2=" ">
            <subfield code="a">Religieuses Hospitalières de St. Joseph, Bibliothèque</subfield>
            <subfield code="c">Montréal</subfield>
            <subfield code="g">CDN-Mh</subfield>
         </datafield>
         <datafield tag="622" ind1=" " ind2=" ">
            <subfield code="e">Religieuses Hospitalières de St., Joseph, Bibliothèque, 5621 Canterbury, Montréal, PQ H3T 1S8</subfield>
         </datafield>
      </record>