
      <record>
         <leader>00000nz  a2200169   4500</leader>
         <controlfield tag="001">30006518</controlfield>
         <controlfield tag="003">RISM</controlfield>
         <controlfield tag="005">20160216</controlfield>
         <controlfield tag="008">160216n||az|||||||##########||||||||||||</controlfield>
         <datafield tag="040" ind1=" " ind2=" ">
            <subfield code="a">CDN-Mlr</subfield>
         </datafield>
         <datafield tag="043" ind1=" " ind2=" ">
            <subfield code="c">XD-CA</subfield>
         </datafield>
         <datafield tag="110" ind1="2" ind2=" ">
            <subfield code="a">McGill University, Humanities and Social Sciences Library McLennan-Redpath &lt;Montréal&gt;</subfield>
            <subfield code="c">Montréal</subfield>
            <subfield code="g">CDN-Mlr</subfield>
         </datafield>
         <datafield tag="622" ind1=" " ind2=" ">
            <subfield code="e">McGill University, Humanities and, Social Sciences Library McLennan-Redpath, 3459 Mc Tavish Street, Montréal Québec, Canada H3A 1Y1</subfield>
            <subfield code="u">http://www.mcgill.ca/hssl/</subfield>
         </datafield>
      </record>