
      <record>
         <leader>00000nz  a2200169   4500</leader>
         <controlfield tag="001">30000472</controlfield>
         <controlfield tag="003">RISM</controlfield>
         <controlfield tag="005">20160216</controlfield>
         <controlfield tag="008">160216n||az|||||||##########||||||||||||</controlfield>
         <datafield tag="040" ind1=" " ind2=" ">
            <subfield code="a">CDN-Mm</subfield>
         </datafield>
         <datafield tag="043" ind1=" " ind2=" ">
            <subfield code="c">XD-CA</subfield>
         </datafield>
         <datafield tag="110" ind1="2" ind2=" ">
            <subfield code="a">McGill University, Faculty &amp; Conservatorium of Music, Library &lt;Montréal&gt;</subfield>
            <subfield code="c">Montréal</subfield>
            <subfield code="g">CDN-Mm</subfield>
         </datafield>
         <datafield tag="410" ind1="2" ind2=" ">
            <subfield code="a">McGill University, Music Library</subfield>
         </datafield>
         <datafield tag="410" ind1="2" ind2=" ">
            <subfield code="a">McGill University</subfield>
         </datafield>
         <datafield tag="410" ind1="2" ind2=" ">
            <subfield code="a">Redpath Library</subfield>
         </datafield>
         <datafield tag="410" ind1="2" ind2=" ">
            <subfield code="a">McGill University, Faculty and Conservatorium of Music and Redpath Libraries</subfield>
         </datafield>
         <datafield tag="622" ind1=" " ind2=" ">
            <subfield code="e">McGill University, Faculty &amp;, Conservatorium of Music Library, 555 Sherbrooke St. W, Montréal, PQ H3A, 1E3</subfield>
            <subfield code="u">http://www.mcgill.ca/conservatory/</subfield>
         </datafield>
      </record>