
      <record>
         <leader>00000nz  a2200169   4500</leader>
         <controlfield tag="001">30000473</controlfield>
         <controlfield tag="003">RISM</controlfield>
         <controlfield tag="005">20160216</controlfield>
         <controlfield tag="008">160216n||az|||||||##########||||||||||||</controlfield>
         <datafield tag="040" ind1=" " ind2=" ">
            <subfield code="a">CDN-Mn</subfield>
         </datafield>
         <datafield tag="043" ind1=" " ind2=" ">
            <subfield code="c">XD-CA</subfield>
         </datafield>
         <datafield tag="110" ind1="2" ind2=" ">
            <subfield code="a">Bibliothèque et Archives nationales du Quebéc</subfield>
            <subfield code="c">Montréal</subfield>
            <subfield code="g">CDN-Mn</subfield>
         </datafield>
         <datafield tag="410" ind1="2" ind2=" ">
            <subfield code="a">Bibliothèque St. Sulpice</subfield>
         </datafield>
         <datafield tag="410" ind1="2" ind2=" ">
            <subfield code="a">Bibliothèque Nationale</subfield>
         </datafield>
         <datafield tag="622" ind1=" " ind2=" ">
            <subfield code="e">Bibliothèque et Archives nationales du, Quebéc, Grande Bibliothèque, Musique et films, 475, boulevard De Maisonneuve Est, Montréal (Québec) H2L 5C4, Canada</subfield>
            <subfield code="u">http://www.banq.qc.ca/accueil/index.html</subfield>
         </datafield>
      </record>