
      <record>
         <leader>00000nz  a2200169   4500</leader>
         <controlfield tag="001">30003602</controlfield>
         <controlfield tag="003">RISM</controlfield>
         <controlfield tag="005">20160216</controlfield>
         <controlfield tag="008">160216n||az|||||||##########||||||||||||</controlfield>
         <datafield tag="040" ind1=" " ind2=" ">
            <subfield code="a">CDN-MOu</subfield>
         </datafield>
         <datafield tag="043" ind1=" " ind2=" ">
            <subfield code="c">XD-CA</subfield>
         </datafield>
         <datafield tag="110" ind1="2" ind2=" ">
            <subfield code="a">Université de Moncton, Bibliothèque Champlain, Département de Musique et Archives Acadiennes</subfield>
            <subfield code="c">Moncton</subfield>
            <subfield code="g">CDN-MOu</subfield>
         </datafield>
         <datafield tag="622" ind1=" " ind2=" ">
            <subfield code="e">Université de Moncton, Bibliothèque, Champlain, Département de Musique et, Archives Acadiennes, Moncton, NB E1A 3E9</subfield>
         </datafield>
      </record>