
      <record>
         <leader>00000nz  a2200169   4500</leader>
         <controlfield tag="001">30000474</controlfield>
         <controlfield tag="003">RISM</controlfield>
         <controlfield tag="005">20160216</controlfield>
         <controlfield tag="008">160216n||az|||||||##########||||||||||||</controlfield>
         <datafield tag="040" ind1=" " ind2=" ">
            <subfield code="a">CDN-Msg</subfield>
         </datafield>
         <datafield tag="043" ind1=" " ind2=" ">
            <subfield code="c">XD-CA</subfield>
         </datafield>
         <datafield tag="110" ind1="2" ind2=" ">
            <subfield code="a">Maison mère des Sœurs-Grises, Bibliothèque</subfield>
            <subfield code="c">Montréal</subfield>
            <subfield code="g">CDN-Msg</subfield>
         </datafield>
         <datafield tag="622" ind1=" " ind2=" ">
            <subfield code="e">Maison mère des Sœurs-Grises,, Bibliothèque, 1190 rue Guy, Montréal, PQ H3H 2L4</subfield>
         </datafield>
      </record>