
      <record>
         <leader>00000nz  a2200169   4500</leader>
         <controlfield tag="001">30003605</controlfield>
         <controlfield tag="003">RISM</controlfield>
         <controlfield tag="005">20160216</controlfield>
         <controlfield tag="008">160216n||az|||||||##########||||||||||||</controlfield>
         <datafield tag="040" ind1=" " ind2=" ">
            <subfield code="a">CDN-Msrc</subfield>
         </datafield>
         <datafield tag="043" ind1=" " ind2=" ">
            <subfield code="c">XD-CA</subfield>
         </datafield>
         <datafield tag="110" ind1="2" ind2=" ">
            <subfield code="a">Société Radio-Musicothèque</subfield>
            <subfield code="c">Montréal</subfield>
            <subfield code="g">CDN-Msrc</subfield>
         </datafield>
         <datafield tag="622" ind1=" " ind2=" ">
            <subfield code="e">Société Radio-Musicothèque, 1400 Dorchester Blvd. E, Montréal, PQ, H2L 2M2</subfield>
         </datafield>
      </record>