
      <record>
         <leader>00000nz  a2200169   4500</leader>
         <controlfield tag="001">30003606</controlfield>
         <controlfield tag="003">RISM</controlfield>
         <controlfield tag="005">20160216</controlfield>
         <controlfield tag="008">160216n||az|||||||##########||||||||||||</controlfield>
         <datafield tag="040" ind1=" " ind2=" ">
            <subfield code="a">CDN-Mu</subfield>
         </datafield>
         <datafield tag="043" ind1=" " ind2=" ">
            <subfield code="c">XD-CA</subfield>
         </datafield>
         <datafield tag="110" ind1="2" ind2=" ">
            <subfield code="a">Université de Montréal, Bibliothèque de musique</subfield>
            <subfield code="c">Montréal</subfield>
            <subfield code="g">CDN-Mu</subfield>
         </datafield>
         <datafield tag="622" ind1=" " ind2=" ">
            <subfield code="e">Université de Montréal, Bibliothèque, musique, Pavillon de la Faculté de musique, 2e, étage, salle B-287, 200, avenue Vincent-d'Indy, Montréal (Québec) H3C 3J7, Canada</subfield>
            <subfield code="u">http://www.bib.umontreal.ca/MU/index.htm</subfield>
         </datafield>
      </record>