
      <record>
         <leader>00000nz  a2200169   4500</leader>
         <controlfield tag="001">30003607</controlfield>
         <controlfield tag="003">RISM</controlfield>
         <controlfield tag="005">20160216</controlfield>
         <controlfield tag="008">160216n||az|||||||##########||||||||||||</controlfield>
         <datafield tag="040" ind1=" " ind2=" ">
            <subfield code="a">CDN-Oc</subfield>
         </datafield>
         <datafield tag="043" ind1=" " ind2=" ">
            <subfield code="c">XD-CA</subfield>
         </datafield>
         <datafield tag="110" ind1="2" ind2=" ">
            <subfield code="a">Carleton University, MacOdrum Library</subfield>
            <subfield code="c">Ottawa</subfield>
            <subfield code="g">CDN-Oc</subfield>
         </datafield>
         <datafield tag="410" ind1="2" ind2=" ">
            <subfield code="a">Carleton College</subfield>
         </datafield>
         <datafield tag="622" ind1=" " ind2=" ">
            <subfield code="e">Carleton University, MacOdrum Library, Colonel By Drive, Ottawa, ON K1S 5J7</subfield>
         </datafield>
      </record>