
      <record>
         <leader>00000nz  a2200169   4500</leader>
         <controlfield tag="001">30000475</controlfield>
         <controlfield tag="003">RISM</controlfield>
         <controlfield tag="005">20160216</controlfield>
         <controlfield tag="008">160216n||az|||||||##########||||||||||||</controlfield>
         <datafield tag="040" ind1=" " ind2=" ">
            <subfield code="a">CDN-On</subfield>
         </datafield>
         <datafield tag="043" ind1=" " ind2=" ">
            <subfield code="c">XD-CA</subfield>
         </datafield>
         <datafield tag="110" ind1="2" ind2=" ">
            <subfield code="a">Library and Archives Canada, Music Division</subfield>
            <subfield code="c">Ottawa</subfield>
            <subfield code="g">CDN-On</subfield>
         </datafield>
         <datafield tag="410" ind1="2" ind2=" ">
            <subfield code="a">National Library</subfield>
         </datafield>
         <datafield tag="410" ind1="2" ind2=" ">
            <subfield code="a">Bibliothèque Nationale du Canada, Division de la Musique</subfield>
         </datafield>
         <datafield tag="622" ind1=" " ind2=" ">
            <subfield code="e">Library and Archives Canada, Music, Division, 395 Wellington Street, Ottawa, ON K1A 0N4, Canada</subfield>
            <subfield code="u">http://www.collectionscanada.gc.ca/</subfield>
         </datafield>
      </record>