
      <record>
         <leader>00000nz  a2200169   4500</leader>
         <controlfield tag="001">30003608</controlfield>
         <controlfield tag="003">RISM</controlfield>
         <controlfield tag="005">20160216</controlfield>
         <controlfield tag="008">160216n||az|||||||##########||||||||||||</controlfield>
         <datafield tag="040" ind1=" " ind2=" ">
            <subfield code="a">CDN-Onm</subfield>
         </datafield>
         <datafield tag="043" ind1=" " ind2=" ">
            <subfield code="c">XD-CA</subfield>
         </datafield>
         <datafield tag="110" ind1="2" ind2=" ">
            <subfield code="a">National Museum of Man, Canadian Centre for Folk Culture Studies</subfield>
            <subfield code="c">Ottawa</subfield>
            <subfield code="g">CDN-Onm</subfield>
         </datafield>
         <datafield tag="410" ind1="2" ind2=" ">
            <subfield code="a">Musée Nationale de l'Homme, Centre Canadien d'Études sur la Culture Traditionelle</subfield>
         </datafield>
         <datafield tag="622" ind1=" " ind2=" ">
            <subfield code="e">National Museum of Man, Canadian Centre, for Folk Culture Studies, Ottawa, ON K1A 0M8</subfield>
         </datafield>
      </record>