
      <record>
         <leader>00000nz  a2200169   4500</leader>
         <controlfield tag="001">30003609</controlfield>
         <controlfield tag="003">RISM</controlfield>
         <controlfield tag="005">20160216</controlfield>
         <controlfield tag="008">160216n||az|||||||##########||||||||||||</controlfield>
         <datafield tag="040" ind1=" " ind2=" ">
            <subfield code="a">CDN-Ou</subfield>
         </datafield>
         <datafield tag="043" ind1=" " ind2=" ">
            <subfield code="c">XD-CA</subfield>
         </datafield>
         <datafield tag="110" ind1="2" ind2=" ">
            <subfield code="a">University of Ottawa, Morisset Library and Music Library</subfield>
            <subfield code="c">Ottawa</subfield>
            <subfield code="g">CDN-Ou</subfield>
         </datafield>
         <datafield tag="410" ind1="2" ind2=" ">
            <subfield code="a">Université d'Ottawa, Bibliothèque Morisset et Musicothèque</subfield>
         </datafield>
         <datafield tag="622" ind1=" " ind2=" ">
            <subfield code="e">University of Ottawa, Morisset Library, and Music Library, 1 Stewart St., Ottawa, ON K1N 6N5</subfield>
         </datafield>
      </record>