
      <record>
         <leader>00000nz  a2200169   4500</leader>
         <controlfield tag="001">30000476</controlfield>
         <controlfield tag="003">RISM</controlfield>
         <controlfield tag="005">20160216</controlfield>
         <controlfield tag="008">160216n||az|||||||##########||||||||||||</controlfield>
         <datafield tag="040" ind1=" " ind2=" ">
            <subfield code="a">CDN-Qc</subfield>
         </datafield>
         <datafield tag="043" ind1=" " ind2=" ">
            <subfield code="c">XD-CA</subfield>
         </datafield>
         <datafield tag="110" ind1="2" ind2=" ">
            <subfield code="a">Cathédrale de la Sainte-Trinité</subfield>
            <subfield code="c">Québec</subfield>
            <subfield code="g">CDN-Qc</subfield>
         </datafield>
         <datafield tag="410" ind1="2" ind2=" ">
            <subfield code="a">Cathedral of the Holy Trinity</subfield>
         </datafield>
         <datafield tag="622" ind1=" " ind2=" ">
            <subfield code="e">Cathédrale de la Sainte-Trinité, Québec, PQ</subfield>
         </datafield>
      </record>