
      <record>
         <leader>00000nz  a2200169   4500</leader>
         <controlfield tag="001">30003610</controlfield>
         <controlfield tag="003">RISM</controlfield>
         <controlfield tag="005">20160216</controlfield>
         <controlfield tag="008">160216n||az|||||||##########||||||||||||</controlfield>
         <datafield tag="040" ind1=" " ind2=" ">
            <subfield code="a">CDN-Qcm</subfield>
         </datafield>
         <datafield tag="043" ind1=" " ind2=" ">
            <subfield code="c">XD-CA</subfield>
         </datafield>
         <datafield tag="110" ind1="2" ind2=" ">
            <subfield code="a">Conservatoire de Musique de Québec, Bibliothèque</subfield>
            <subfield code="c">Québec</subfield>
            <subfield code="g">CDN-Qcm</subfield>
         </datafield>
         <datafield tag="622" ind1=" " ind2=" ">
            <subfield code="e">Conservatoire de Musique de Québec,, Bibliothèque, 265, rue St. Cyrille est, Québec, PQ, G1R 2B3</subfield>
         </datafield>
      </record>