
      <record>
         <leader>00000nz  a2200169   4500</leader>
         <controlfield tag="001">30002609</controlfield>
         <controlfield tag="003">RISM</controlfield>
         <controlfield tag="005">20160216</controlfield>
         <controlfield tag="008">160216n||az|||||||##########||||||||||||</controlfield>
         <datafield tag="040" ind1=" " ind2=" ">
            <subfield code="a">CDN-Qhd</subfield>
         </datafield>
         <datafield tag="043" ind1=" " ind2=" ">
            <subfield code="c">XD-CA</subfield>
         </datafield>
         <datafield tag="110" ind1="2" ind2=" ">
            <subfield code="a">Hôtel-Dieu</subfield>
            <subfield code="c">Québec</subfield>
            <subfield code="g">CDN-Qhd</subfield>
         </datafield>
         <datafield tag="410" ind1="2" ind2=" ">
            <subfield code="a">Hôtel-Dieu de Québec, Les Augustines de la Miséricorde de Jésus, Bibliothèque du Mona</subfield>
         </datafield>
         <datafield tag="622" ind1=" " ind2=" ">
            <subfield code="e">Hôtel-Dieu, 32 Charlevoix, Québec, PQ G1R 3R9</subfield>
         </datafield>
      </record>