
      <record>
         <leader>00000nz  a2200169   4500</leader>
         <controlfield tag="001">30000477</controlfield>
         <controlfield tag="003">RISM</controlfield>
         <controlfield tag="005">20160216</controlfield>
         <controlfield tag="008">160216n||az|||||||##########||||||||||||</controlfield>
         <datafield tag="040" ind1=" " ind2=" ">
            <subfield code="a">CDN-Qhg</subfield>
         </datafield>
         <datafield tag="043" ind1=" " ind2=" ">
            <subfield code="c">XD-CA</subfield>
         </datafield>
         <datafield tag="110" ind1="2" ind2=" ">
            <subfield code="a">Hôspital-Général de Québec</subfield>
            <subfield code="c">Québec</subfield>
            <subfield code="g">CDN-Qhg</subfield>
         </datafield>
         <datafield tag="410" ind1="2" ind2=" ">
            <subfield code="a">Hôpital général</subfield>
         </datafield>
         <datafield tag="410" ind1="2" ind2=" ">
            <subfield code="a">Monastère des Augustins de l'Hôpital-Général de Québec</subfield>
         </datafield>
         <datafield tag="622" ind1=" " ind2=" ">
            <subfield code="e">Hôspital-Général de Québec, 260 blvd. Langelier, Québec, PQ G1K 5N1</subfield>
         </datafield>
      </record>