
      <record>
         <leader>00000nz  a2200169   4500</leader>
         <controlfield tag="001">30002610</controlfield>
         <controlfield tag="003">RISM</controlfield>
         <controlfield tag="005">20160216</controlfield>
         <controlfield tag="008">160216n||az|||||||##########||||||||||||</controlfield>
         <datafield tag="040" ind1=" " ind2=" ">
            <subfield code="a">CDN-Qlh</subfield>
         </datafield>
         <datafield tag="043" ind1=" " ind2=" ">
            <subfield code="c">XD-CA</subfield>
         </datafield>
         <datafield tag="110" ind1="2" ind2=" ">
            <subfield code="a">Société littéraire et historique</subfield>
            <subfield code="c">Québec</subfield>
            <subfield code="g">CDN-Qlh</subfield>
         </datafield>
         <datafield tag="410" ind1="2" ind2=" ">
            <subfield code="a">Literary and Historical Society of Quebec</subfield>
         </datafield>
         <datafield tag="622" ind1=" " ind2=" ">
            <subfield code="e">Société littéraire et historique, 44, rue St. Stanislas, Box 339, Québec,, PQ G1R 4R2</subfield>
         </datafield>
      </record>