
      <record>
         <leader>00000nz  a2200169   4500</leader>
         <controlfield tag="001">30003611</controlfield>
         <controlfield tag="003">RISM</controlfield>
         <controlfield tag="005">20160216</controlfield>
         <controlfield tag="008">160216n||az|||||||##########||||||||||||</controlfield>
         <datafield tag="040" ind1=" " ind2=" ">
            <subfield code="a">CDN-Qmu</subfield>
         </datafield>
         <datafield tag="043" ind1=" " ind2=" ">
            <subfield code="c">XD-CA</subfield>
         </datafield>
         <datafield tag="110" ind1="2" ind2=" ">
            <subfield code="a">Monastère des Ursulines, Archives</subfield>
            <subfield code="c">Québec</subfield>
            <subfield code="g">CDN-Qmu</subfield>
         </datafield>
         <datafield tag="622" ind1=" " ind2=" ">
            <subfield code="e">Monastère des Ursulines, Archives, Caisse postale 760, Québec</subfield>
         </datafield>
      </record>