
      <record>
         <leader>00000nz  a2200169   4500</leader>
         <controlfield tag="001">30000478</controlfield>
         <controlfield tag="003">RISM</controlfield>
         <controlfield tag="005">20160216</controlfield>
         <controlfield tag="008">160216n||az|||||||##########||||||||||||</controlfield>
         <datafield tag="040" ind1=" " ind2=" ">
            <subfield code="a">CDN-Qn</subfield>
         </datafield>
         <datafield tag="043" ind1=" " ind2=" ">
            <subfield code="c">XD-CA</subfield>
         </datafield>
         <datafield tag="110" ind1="2" ind2=" ">
            <subfield code="a">Bibliothèque Nationale &lt;Québec&gt;</subfield>
            <subfield code="c">Québec</subfield>
            <subfield code="g">CDN-Qn</subfield>
         </datafield>
         <datafield tag="622" ind1=" " ind2=" ">
            <subfield code="e">Bibliothèque Nationale, Québec (Québec)</subfield>
         </datafield>
      </record>