
      <record>
         <leader>00000nz  a2200169   4500</leader>
         <controlfield tag="001">30000479</controlfield>
         <controlfield tag="003">RISM</controlfield>
         <controlfield tag="005">20160216</controlfield>
         <controlfield tag="008">160216n||az|||||||##########||||||||||||</controlfield>
         <datafield tag="040" ind1=" " ind2=" ">
            <subfield code="a">CDN-Qsl</subfield>
         </datafield>
         <datafield tag="043" ind1=" " ind2=" ">
            <subfield code="c">XD-CA</subfield>
         </datafield>
         <datafield tag="110" ind1="2" ind2=" ">
            <subfield code="a">Séminaire de Québec</subfield>
            <subfield code="c">Québec</subfield>
            <subfield code="g">CDN-Qsl</subfield>
         </datafield>
         <datafield tag="410" ind1="2" ind2=" ">
            <subfield code="a">Séminaire Laval</subfield>
         </datafield>
         <datafield tag="410" ind1="2" ind2=" ">
            <subfield code="a">Petit Séminaire de Québec</subfield>
         </datafield>
         <datafield tag="622" ind1=" " ind2=" ">
            <subfield code="e">Séminaire de Québec, 3, rue de l'Université, Caisse postale, 460, Québec, PQ G1R 4R7</subfield>
         </datafield>
      </record>