
      <record>
         <leader>00000nz  a2200169   4500</leader>
         <controlfield tag="001">30003612</controlfield>
         <controlfield tag="003">RISM</controlfield>
         <controlfield tag="005">20160216</controlfield>
         <controlfield tag="008">160216n||az|||||||##########||||||||||||</controlfield>
         <datafield tag="040" ind1=" " ind2=" ">
            <subfield code="a">CDN-Ru</subfield>
         </datafield>
         <datafield tag="043" ind1=" " ind2=" ">
            <subfield code="c">XD-CA</subfield>
         </datafield>
         <datafield tag="110" ind1="2" ind2=" ">
            <subfield code="a">University of Regina Library, Fine Arts Branch Library</subfield>
            <subfield code="c">Regina</subfield>
            <subfield code="g">CDN-Ru</subfield>
         </datafield>
         <datafield tag="622" ind1=" " ind2=" ">
            <subfield code="e">University of Regina Library, Fine Arts, Branch Library, Regina, SK S4S 0A2</subfield>
         </datafield>
      </record>