
      <record>
         <leader>00000nz  a2200169   4500</leader>
         <controlfield tag="001">30002611</controlfield>
         <controlfield tag="003">RISM</controlfield>
         <controlfield tag="005">20160216</controlfield>
         <controlfield tag="008">160216n||az|||||||##########||||||||||||</controlfield>
         <datafield tag="040" ind1=" " ind2=" ">
            <subfield code="a">CDN-S</subfield>
         </datafield>
         <datafield tag="043" ind1=" " ind2=" ">
            <subfield code="c">XD-CA</subfield>
         </datafield>
         <datafield tag="110" ind1="2" ind2=" ">
            <subfield code="a">Saskatchewan University</subfield>
            <subfield code="c">Saskatoon</subfield>
            <subfield code="g">CDN-S</subfield>
         </datafield>
         <datafield tag="410" ind1="2" ind2=" ">
            <subfield code="a">University of Saskatchewan Library</subfield>
         </datafield>
         <datafield tag="622" ind1=" " ind2=" ">
            <subfield code="e">Saskatchewan University, Saskatoon, SK S7N 0W0</subfield>
         </datafield>
      </record>