
      <record>
         <leader>00000nz  a2200169   4500</leader>
         <controlfield tag="001">30000481</controlfield>
         <controlfield tag="003">RISM</controlfield>
         <controlfield tag="005">20160216</controlfield>
         <controlfield tag="008">160216n||az|||||||##########||||||||||||</controlfield>
         <datafield tag="040" ind1=" " ind2=" ">
            <subfield code="a">CDN-SAu</subfield>
         </datafield>
         <datafield tag="043" ind1=" " ind2=" ">
            <subfield code="c">XD-CA</subfield>
         </datafield>
         <datafield tag="110" ind1="2" ind2=" ">
            <subfield code="a">Mount Allison University Library &lt;Sackville&gt;</subfield>
            <subfield code="c">Sackville</subfield>
            <subfield code="g">CDN-SAu</subfield>
         </datafield>
         <datafield tag="410" ind1="2" ind2=" ">
            <subfield code="a">Mt Allison University</subfield>
         </datafield>
         <datafield tag="410" ind1="2" ind2=" ">
            <subfield code="a">Mount Allison University, Alfred Whitehead Memorial Music Library</subfield>
         </datafield>
         <datafield tag="622" ind1=" " ind2=" ">
            <subfield code="e">Mount Allison University Library, Sackville, NB E0A 3C0</subfield>
            <subfield code="u">http://www.mta.ca/library/</subfield>
         </datafield>
      </record>