
      <record>
         <leader>00000nz  a2200169   4500</leader>
         <controlfield tag="001">30002612</controlfield>
         <controlfield tag="003">RISM</controlfield>
         <controlfield tag="005">20160216</controlfield>
         <controlfield tag="008">160216n||az|||||||##########||||||||||||</controlfield>
         <datafield tag="040" ind1=" " ind2=" ">
            <subfield code="a">CDN-SB</subfield>
         </datafield>
         <datafield tag="043" ind1=" " ind2=" ">
            <subfield code="c">XD-CA</subfield>
         </datafield>
         <datafield tag="110" ind1="2" ind2=" ">
            <subfield code="a">Monastère bénédictin</subfield>
            <subfield code="c">Saint-Benoît-du-Lac</subfield>
            <subfield code="g">CDN-SB</subfield>
         </datafield>
         <datafield tag="410" ind1="2" ind2=" ">
            <subfield code="a">Abbaye de Saint-Benoît-Du-Lac, Archives</subfield>
         </datafield>
         <datafield tag="622" ind1=" " ind2=" ">
            <subfield code="e">Monastère bénédictin, Saint-Benoît-du-Lac, PQ J0B 2M0, Canada</subfield>
         </datafield>
      </record>