
      <record>
         <leader>00000nz  a2200169   4500</leader>
         <controlfield tag="001">30003613</controlfield>
         <controlfield tag="003">RISM</controlfield>
         <controlfield tag="005">20160216</controlfield>
         <controlfield tag="008">160216n||az|||||||##########||||||||||||</controlfield>
         <datafield tag="040" ind1=" " ind2=" ">
            <subfield code="a">CDN-SHs</subfield>
         </datafield>
         <datafield tag="043" ind1=" " ind2=" ">
            <subfield code="c">XD-CA</subfield>
         </datafield>
         <datafield tag="110" ind1="2" ind2=" ">
            <subfield code="a">Séminaire de Saint-Hyacinthe, Bibliothèque</subfield>
            <subfield code="c">Saint-Hyacinthe</subfield>
            <subfield code="g">CDN-SHs</subfield>
         </datafield>
         <datafield tag="622" ind1=" " ind2=" ">
            <subfield code="e">Séminaire de Saint-Hyacinthe,,  Bibliothèque, 450 rue Girouard, Box 370, Saint-Hyacinthe PQ J2S 2Y2, Canada</subfield>
         </datafield>
      </record>