
      <record>
         <leader>00000nz  a2200169   4500</leader>
         <controlfield tag="001">30000482</controlfield>
         <controlfield tag="003">RISM</controlfield>
         <controlfield tag="005">20160216</controlfield>
         <controlfield tag="008">160216n||az|||||||##########||||||||||||</controlfield>
         <datafield tag="040" ind1=" " ind2=" ">
            <subfield code="a">CDN-SJm</subfield>
         </datafield>
         <datafield tag="043" ind1=" " ind2=" ">
            <subfield code="c">XD-CA</subfield>
         </datafield>
         <datafield tag="110" ind1="2" ind2=" ">
            <subfield code="a">New Brunswick Museum Library</subfield>
            <subfield code="c">Saint John</subfield>
            <subfield code="g">CDN-SJm</subfield>
         </datafield>
         <datafield tag="410" ind1="2" ind2=" ">
            <subfield code="a">New Brunswick Museum</subfield>
         </datafield>
         <datafield tag="410" ind1="2" ind2=" ">
            <subfield code="a">New Brunswick Museum, Archives and Libraries</subfield>
         </datafield>
         <datafield tag="622" ind1=" " ind2=" ">
            <subfield code="e">New Brunswick Museum Library, Saint John, NB E2K 1E5</subfield>
         </datafield>
      </record>