
      <record>
         <leader>00000nz  a2200169   4500</leader>
         <controlfield tag="001">30000483</controlfield>
         <controlfield tag="003">RISM</controlfield>
         <controlfield tag="005">20160216</controlfield>
         <controlfield tag="008">160216n||az|||||||##########||||||||||||</controlfield>
         <datafield tag="040" ind1=" " ind2=" ">
            <subfield code="a">CDN-Tb</subfield>
         </datafield>
         <datafield tag="043" ind1=" " ind2=" ">
            <subfield code="c">XD-CA</subfield>
         </datafield>
         <datafield tag="110" ind1="2" ind2=" ">
            <subfield code="a">Canadian Broadcasting Corporation, Music Library &lt;Toronto&gt;</subfield>
            <subfield code="c">Toronto</subfield>
            <subfield code="g">CDN-Tb</subfield>
         </datafield>
         <datafield tag="622" ind1=" " ind2=" ">
            <subfield code="e">Canadian Broadcasting Corporation,, Music Library, P. O. Box 500, Terminal A, Toronto, ON, M5W 1E6</subfield>
            <subfield code="u">http://www.cbc.ca</subfield>
         </datafield>
      </record>