
      <record>
         <leader>00000nz  a2200169   4500</leader>
         <controlfield tag="001">30000484</controlfield>
         <controlfield tag="003">RISM</controlfield>
         <controlfield tag="005">20160216</controlfield>
         <controlfield tag="008">160216n||az|||||||##########||||||||||||</controlfield>
         <datafield tag="040" ind1=" " ind2=" ">
            <subfield code="a">CDN-Tc</subfield>
         </datafield>
         <datafield tag="043" ind1=" " ind2=" ">
            <subfield code="c">XD-CA</subfield>
         </datafield>
         <datafield tag="110" ind1="2" ind2=" ">
            <subfield code="a">The Royal Conservatory of Music</subfield>
            <subfield code="c">Toronto</subfield>
            <subfield code="g">CDN-Tc</subfield>
         </datafield>
         <datafield tag="622" ind1=" " ind2=" ">
            <subfield code="e">The Royal Conservatory of Music, 273 Bloor Street West, Toronto, ON, M5S 1W2, Canada</subfield>
            <subfield code="u">http://www.rcmusic.ca</subfield>
         </datafield>
      </record>