
      <record>
         <leader>00000nz  a2200169   4500</leader>
         <controlfield tag="001">30000485</controlfield>
         <controlfield tag="003">RISM</controlfield>
         <controlfield tag="005">20160216</controlfield>
         <controlfield tag="008">160216n||az|||||||##########||||||||||||</controlfield>
         <datafield tag="040" ind1=" " ind2=" ">
            <subfield code="a">CDN-Tm</subfield>
         </datafield>
         <datafield tag="043" ind1=" " ind2=" ">
            <subfield code="c">XD-CA</subfield>
         </datafield>
         <datafield tag="110" ind1="2" ind2=" ">
            <subfield code="a">Royal Ontario Museum Library &lt;Toronto&gt;</subfield>
            <subfield code="c">Toronto</subfield>
            <subfield code="g">CDN-Tm</subfield>
         </datafield>
         <datafield tag="410" ind1="2" ind2=" ">
            <subfield code="a">Royal Ontario Museum</subfield>
         </datafield>
         <datafield tag="622" ind1=" " ind2=" ">
            <subfield code="e">Royal Ontario Museum Library, 100 Queen's Park, Toronto, ON M5S 2C6</subfield>
            <subfield code="u">http://www.rom.on.ca</subfield>
         </datafield>
      </record>