
      <record>
         <leader>00000nz  a2200169   4500</leader>
         <controlfield tag="001">30002613</controlfield>
         <controlfield tag="003">RISM</controlfield>
         <controlfield tag="005">20160216</controlfield>
         <controlfield tag="008">160216n||az|||||||##########||||||||||||</controlfield>
         <datafield tag="040" ind1=" " ind2=" ">
            <subfield code="a">CDN-Tmillan</subfield>
         </datafield>
         <datafield tag="043" ind1=" " ind2=" ">
            <subfield code="c">XD-CA</subfield>
         </datafield>
         <datafield tag="110" ind1="2" ind2=" ">
            <subfield code="a">Sir Ernest MacMillan</subfield>
            <subfield code="c">Toronto</subfield>
            <subfield code="g">CDN-Tmillan</subfield>
         </datafield>
         <datafield tag="622" ind1=" " ind2=" ">
            <subfield code="e">Sir Ernest MacMillan, Toronto (Ontario)</subfield>
         </datafield>
      </record>