
      <record>
         <leader>00000nz  a2200169   4500</leader>
         <controlfield tag="001">30000486</controlfield>
         <controlfield tag="003">RISM</controlfield>
         <controlfield tag="005">20160216</controlfield>
         <controlfield tag="008">160216n||az|||||||##########||||||||||||</controlfield>
         <datafield tag="040" ind1=" " ind2=" ">
            <subfield code="a">CDN-Tolnick</subfield>
         </datafield>
         <datafield tag="043" ind1=" " ind2=" ">
            <subfield code="c">XD-CA</subfield>
         </datafield>
         <datafield tag="110" ind1="2" ind2=" ">
            <subfield code="a">Harvey J. Olnick, private collection</subfield>
            <subfield code="c">Toronto</subfield>
            <subfield code="g">CDN-Tolnick</subfield>
         </datafield>
         <datafield tag="410" ind1="2" ind2=" ">
            <subfield code="a">Prof. Harvey Olnick</subfield>
         </datafield>
         <datafield tag="622" ind1=" " ind2=" ">
            <subfield code="e">Harvey J. Olnick, private collection, 965 Bay St., Apt. 2810, Toronto, ON M5S, 2A3</subfield>
         </datafield>
      </record>