
      <record>
         <leader>00000nz  a2200169   4500</leader>
         <controlfield tag="001">30078159</controlfield>
         <controlfield tag="003">RISM</controlfield>
         <controlfield tag="005">20160216</controlfield>
         <controlfield tag="008">160216n||az|||||||##########||||||||||||</controlfield>
         <datafield tag="040" ind1=" " ind2=" ">
            <subfield code="a">CDN-Ttfl</subfield>
         </datafield>
         <datafield tag="043" ind1=" " ind2=" ">
            <subfield code="c">CA</subfield>
         </datafield>
         <datafield tag="110" ind1="2" ind2=" ">
            <subfield code="a">University of Toronto, Thomas Fisher Rare Book Library</subfield>
            <subfield code="c">Toronto</subfield>
            <subfield code="g">CDN-Ttfl</subfield>
         </datafield>
         <datafield tag="622" ind1=" " ind2=" ">
            <subfield code="e">University of Toronto, Thomas Fisher,  Rare Book Library, 120 St George Street, Toronto M5S 1A5, Canada</subfield>
            <subfield code="u"> http://onesearch.library.utoronto.ca/library-info/FISHER</subfield>
         </datafield>
      </record>