
      <record>
         <leader>00000nz  a2200169   4500</leader>
         <controlfield tag="001">30000488</controlfield>
         <controlfield tag="003">RISM</controlfield>
         <controlfield tag="005">20160216</controlfield>
         <controlfield tag="008">160216n||az|||||||##########||||||||||||</controlfield>
         <datafield tag="040" ind1=" " ind2=" ">
            <subfield code="a">CDN-Tu</subfield>
         </datafield>
         <datafield tag="043" ind1=" " ind2=" ">
            <subfield code="c">XD-CA</subfield>
         </datafield>
         <datafield tag="110" ind1="2" ind2=" ">
            <subfield code="a">University of Toronto, Music Library</subfield>
            <subfield code="c">Toronto</subfield>
            <subfield code="g">CDN-Tu</subfield>
         </datafield>
         <datafield tag="410" ind1="2" ind2=" ">
            <subfield code="a">Royal Conservatory of Music</subfield>
         </datafield>
         <datafield tag="622" ind1=" " ind2=" ">
            <subfield code="e">University of Toronto, Music Library, Edward Johnson Building, 80 Queen's Park Crescent, Toronto M5S 2C5, Canada</subfield>
            <subfield code="u">http://guides.library.utoronto.ca/musicresearch</subfield>
         </datafield>
      </record>