
      <record>
         <leader>00000nz  a2200169   4500</leader>
         <controlfield tag="001">30079398</controlfield>
         <controlfield tag="003">RISM</controlfield>
         <controlfield tag="005">20160216</controlfield>
         <controlfield tag="008">160216n||az|||||||##########||||||||||||</controlfield>
         <datafield tag="040" ind1=" " ind2=" ">
            <subfield code="a">CDN-Turl</subfield>
         </datafield>
         <datafield tag="043" ind1=" " ind2=" ">
            <subfield code="c">CA</subfield>
         </datafield>
         <datafield tag="110" ind1="2" ind2=" ">
            <subfield code="a">University of Toronto - Robarts Library</subfield>
            <subfield code="c">Toronto</subfield>
            <subfield code="g">CDN-Turl</subfield>
         </datafield>
         <datafield tag="622" ind1=" " ind2=" ">
            <subfield code="e">University of Toronto - Robarts Library, 130 St. George St., Toronto, Ontario, M5S 1A5, Canada</subfield>
            <subfield code="u">http://onesearch.library.utoronto.ca/library-info/ROBARTS</subfield>
         </datafield>
      </record>