
      <record>
         <leader>00000nz  a2200169   4500</leader>
         <controlfield tag="001">30003615</controlfield>
         <controlfield tag="003">RISM</controlfield>
         <controlfield tag="005">20160216</controlfield>
         <controlfield tag="008">160216n||az|||||||##########||||||||||||</controlfield>
         <datafield tag="040" ind1=" " ind2=" ">
            <subfield code="a">CDN-Ty</subfield>
         </datafield>
         <datafield tag="043" ind1=" " ind2=" ">
            <subfield code="c">XD-CA</subfield>
         </datafield>
         <datafield tag="110" ind1="2" ind2=" ">
            <subfield code="a">York University, Scott Library</subfield>
            <subfield code="c">Toronto</subfield>
            <subfield code="g">CDN-Ty</subfield>
         </datafield>
         <datafield tag="622" ind1=" " ind2=" ">
            <subfield code="e">York University, Scott Library, Downsview, 4700 Keele St., Toronto, ON, M3J 2R2, Canada</subfield>
            <subfield code="u">http://www.library.yorku.ca/cms/library-departments/scottlibrary/</subfield>
         </datafield>
      </record>