
      <record>
         <leader>00000nz  a2200169   4500</leader>
         <controlfield tag="001">30003616</controlfield>
         <controlfield tag="003">RISM</controlfield>
         <controlfield tag="005">20160216</controlfield>
         <controlfield tag="008">160216n||az|||||||##########||||||||||||</controlfield>
         <datafield tag="040" ind1=" " ind2=" ">
            <subfield code="a">CDN-Vcm</subfield>
         </datafield>
         <datafield tag="043" ind1=" " ind2=" ">
            <subfield code="c">XD-CA</subfield>
         </datafield>
         <datafield tag="110" ind1="2" ind2=" ">
            <subfield code="a">Canadian Music Centre</subfield>
            <subfield code="c">Vancouver</subfield>
            <subfield code="g">CDN-Vcm</subfield>
         </datafield>
         <datafield tag="622" ind1=" " ind2=" ">
            <subfield code="e">Canadian Music Centre, 3-2007 West 4th Ave., Vancouver, BC V6J, 1N3</subfield>
         </datafield>
      </record>