
      <record>
         <leader>00000nz  a2200169   4500</leader>
         <controlfield tag="001">30000491</controlfield>
         <controlfield tag="003">RISM</controlfield>
         <controlfield tag="005">20160216</controlfield>
         <controlfield tag="008">160216n||az|||||||##########||||||||||||</controlfield>
         <datafield tag="040" ind1=" " ind2=" ">
            <subfield code="a">CDN-VIu</subfield>
         </datafield>
         <datafield tag="043" ind1=" " ind2=" ">
            <subfield code="c">XD-CA</subfield>
         </datafield>
         <datafield tag="110" ind1="2" ind2=" ">
            <subfield code="a">University of Victoria</subfield>
            <subfield code="c">Victoria</subfield>
            <subfield code="g">CDN-VIu</subfield>
         </datafield>
         <datafield tag="410" ind1="2" ind2=" ">
            <subfield code="a">University of Victoria, McPherson Library, Music &amp; Audio Collection</subfield>
         </datafield>
         <datafield tag="622" ind1=" " ind2=" ">
            <subfield code="e">University of Victoria, P. O. Box 1800, Victoria, BC V8W 2Y3</subfield>
         </datafield>
      </record>