
      <record>
         <leader>00000nz  a2200169   4500</leader>
         <controlfield tag="001">30000489</controlfield>
         <controlfield tag="003">RISM</controlfield>
         <controlfield tag="005">20160216</controlfield>
         <controlfield tag="008">160216n||az|||||||##########||||||||||||</controlfield>
         <datafield tag="040" ind1=" " ind2=" ">
            <subfield code="a">CDN-Vmclean</subfield>
         </datafield>
         <datafield tag="043" ind1=" " ind2=" ">
            <subfield code="c">XD-CA</subfield>
         </datafield>
         <datafield tag="110" ind1="2" ind2=" ">
            <subfield code="a">Hugh J. McLean, private collection</subfield>
            <subfield code="c">Vancouver</subfield>
            <subfield code="g">CDN-Vmclean</subfield>
         </datafield>
         <datafield tag="410" ind1="2" ind2=" ">
            <subfield code="a">Hugh J. McLean</subfield>
         </datafield>
         <datafield tag="622" ind1=" " ind2=" ">
            <subfield code="e">Hugh J. McLean, private collection, Vancouver (British Columbia)</subfield>
         </datafield>
      </record>