
      <record>
         <leader>00000nz  a2200169   4500</leader>
         <controlfield tag="001">30003617</controlfield>
         <controlfield tag="003">RISM</controlfield>
         <controlfield tag="005">20160216</controlfield>
         <controlfield tag="008">160216n||az|||||||##########||||||||||||</controlfield>
         <datafield tag="040" ind1=" " ind2=" ">
            <subfield code="a">CDN-Vp</subfield>
         </datafield>
         <datafield tag="043" ind1=" " ind2=" ">
            <subfield code="c">XD-CA</subfield>
         </datafield>
         <datafield tag="110" ind1="2" ind2=" ">
            <subfield code="a">Vancouver Public Library, Fine Arts, Music &amp; Films Division</subfield>
            <subfield code="c">Vancouver</subfield>
            <subfield code="g">CDN-Vp</subfield>
         </datafield>
         <datafield tag="622" ind1=" " ind2=" ">
            <subfield code="e">Vancouver Public Library, Fine Arts,, Music &amp; Films Division, 750 Burrard St., Vancouver, BC V6Z 1X5</subfield>
         </datafield>
      </record>