
      <record>
         <leader>00000nz  a2200169   4500</leader>
         <controlfield tag="001">30000492</controlfield>
         <controlfield tag="003">RISM</controlfield>
         <controlfield tag="005">20160216</controlfield>
         <controlfield tag="008">160216n||az|||||||##########||||||||||||</controlfield>
         <datafield tag="040" ind1=" " ind2=" ">
            <subfield code="a">CDN-W</subfield>
         </datafield>
         <datafield tag="043" ind1=" " ind2=" ">
            <subfield code="c">XD-CA</subfield>
         </datafield>
         <datafield tag="110" ind1="2" ind2=" ">
            <subfield code="a">University of Manitoba</subfield>
            <subfield code="c">Winnipeg</subfield>
            <subfield code="g">CDN-W</subfield>
         </datafield>
         <datafield tag="410" ind1="2" ind2=" ">
            <subfield code="a">University of Manitoba, Music Recording Room</subfield>
         </datafield>
         <datafield tag="622" ind1=" " ind2=" ">
            <subfield code="e">University of Manitoba, Winnipeg, MB R3T 2N2</subfield>
         </datafield>
      </record>