
      <record>
         <leader>00000nz  a2200169   4500</leader>
         <controlfield tag="001">30077523</controlfield>
         <controlfield tag="003">RISM</controlfield>
         <controlfield tag="005">20160216</controlfield>
         <controlfield tag="008">160216n||az|||||||##########||||||||||||</controlfield>
         <datafield tag="040" ind1=" " ind2=" ">
            <subfield code="a">CDN-WAwlul</subfield>
         </datafield>
         <datafield tag="043" ind1=" " ind2=" ">
            <subfield code="c">CA</subfield>
         </datafield>
         <datafield tag="110" ind1="2" ind2=" ">
            <subfield code="a">Wilfrid Laurier University Library</subfield>
            <subfield code="c">Waterloo</subfield>
            <subfield code="g">CDN-WAwlul</subfield>
         </datafield>
         <datafield tag="622" ind1=" " ind2=" ">
            <subfield code="e">Wilfrid Laurier University Library, 75 University Avenue West, Waterloo, ON N2L 3C5, Canada</subfield>
            <subfield code="u">http://library.wlu.ca/</subfield>
         </datafield>
      </record>