
      <record>
         <leader>00000nz  a2200169   4500</leader>
         <controlfield tag="001">30003618</controlfield>
         <controlfield tag="003">RISM</controlfield>
         <controlfield tag="005">20160216</controlfield>
         <controlfield tag="008">160216n||az|||||||##########||||||||||||</controlfield>
         <datafield tag="040" ind1=" " ind2=" ">
            <subfield code="a">CDN-WIu</subfield>
         </datafield>
         <datafield tag="043" ind1=" " ind2=" ">
            <subfield code="c">XD-CA</subfield>
         </datafield>
         <datafield tag="110" ind1="2" ind2=" ">
            <subfield code="a">University of Windsor, Leddy Library</subfield>
            <subfield code="c">Windsor, Ontario</subfield>
            <subfield code="g">CDN-WIu</subfield>
         </datafield>
         <datafield tag="410" ind1="2" ind2=" ">
            <subfield code="a">Assumption University</subfield>
         </datafield>
         <datafield tag="622" ind1=" " ind2=" ">
            <subfield code="e">University of Windsor, Leddy Library, Windsor, ON N9B 3P4</subfield>
         </datafield>
      </record>
   </collection>
          

